@inproceedings{khatami2017hpx,
  title={HPX Smart Executors},
  author={Khatami, Zahra and Troska, Lukas and Kaiser, Hartmut and Ramanujam, J and Serio, Adrian},
  booktitle={Proceedings of the Third International Workshop on Extreme Scale Programming Models and Middleware},
  pages={3},
  year={2017},
  organization={ACM}
}

